<?xml version="1.0" encoding="UTF-8"?><collection xmlns="http://www.loc.gov/MARC21/slim"><record><leader>00466nam--2200181-i-4500</leader><controlfield tag="001">000033136</controlfield><controlfield tag="002">20161230</controlfield><controlfield tag="005">20161230201039</controlfield><controlfield tag="008">060222s1000------------r-----000-0-rum-d</controlfield><datafield ind1=" " ind2=" " tag="040"><subfield code="a">IFIN-HH</subfield></datafield><datafield ind1=" " ind2=" " tag="041"><subfield code="a">rum</subfield></datafield><datafield ind1=" " ind2=" " tag="080"><subfield code="a">65-012:519.283</subfield></datafield><datafield ind1="1" ind2=" " tag="100"><subfield code="a">Mihu, Cerchez</subfield></datafield><datafield ind1="1" ind2="0" tag="245"><subfield code="a">Programe liniare cu mai multi indici</subfield><subfield code="c">Cerchez mihu</subfield></datafield><datafield ind1=" " ind2=" " tag="260"><subfield code="a">Bucuresti</subfield><subfield code="b">Editura Academiei Rsr</subfield><subfield code="c">1974</subfield></datafield><datafield ind1=" " ind2=" " tag="300"><subfield code="a">169P</subfield></datafield><datafield ind1=" " ind2=" " tag="852"><subfield code="a">40851</subfield><subfield code="c">519.283</subfield></datafield><datafield ind1=" " ind2=" " tag="CAT"><subfield code="a">Sys</subfield><subfield code="c">20130807</subfield><subfield code="h">171013</subfield></datafield></record></collection>